<record><leader>00000cas a22000007a 4500</leader><controlfield tag="001">23729737</controlfield><controlfield tag="008">910510d194719uuncudn ne      0    0eng d</controlfield><datafield ind1=" " ind2=" " tag="010"><subfield code="a">sn 91068002 </subfield></datafield><datafield ind1=" " ind2=" " tag="040"><subfield code="a">NVJ</subfield><subfield code="b">eng</subfield><subfield code="c">NVJ</subfield><subfield code="d">OCL</subfield><subfield code="d">OCLCQ</subfield></datafield><datafield ind1=" " ind2=" " tag="042"><subfield code="a">msc</subfield></datafield><datafield ind1="0" ind2="0" tag="245"><subfield code="a">Daily Roanoke Chowan news.</subfield></datafield><datafield ind1="3" ind2="0" tag="246"><subfield code="a">Daily news</subfield></datafield><datafield ind1=" " ind2=" " tag="260"><subfield code="a">Ahoskie, N.C. :</subfield><subfield code="b">Herald News Co. of Murfreesboro and Ahoskie</subfield></datafield><datafield ind1=" " ind2=" " tag="300"><subfield code="a">v.</subfield></datafield><datafield ind1=" " ind2=" " tag="310"><subfield code="a">Daily (except Sat. and Mon.)</subfield></datafield><datafield ind1="0" ind2=" " tag="362"><subfield code="a">Vol. 11, no. 35 (Apr. 30, 1947)-</subfield></datafield><datafield ind1=" " ind2=" " tag="500"><subfield code="a">Published as: Daily news, July 27,-Oct 7, 1952.</subfield></datafield><datafield ind1=" " ind2=" " tag="500"><subfield code="a">Published as: The daily Roanoke-Chowan news, Oct. 7, 1952-</subfield></datafield><datafield ind1=" " ind2=" " tag="752"><subfield code="a">United States</subfield><subfield code="b">North Carolina</subfield><subfield code="c">Hertford</subfield><subfield code="d">Ahoskie.</subfield></datafield><datafield ind1="0" ind2="4" tag="780"><subfield code="t">Roanoke-Chowan news (Ahoskie, N.C.)</subfield></datafield><datafield ind1="0" ind2="4" tag="780"><subfield code="t">Northeastern Carolina news</subfield><subfield code="w">(DLC)sn 91068001</subfield></datafield></record>